@article{composite_history,
  title={The evolution of composite materials in bicycle design: A review},
  author={Smith, John and Johnson, Robert},
  journal={Journal of Sports Engineering and Technology},
  volume={235},
  number={4},
  pages={789--801},
  year={2021},
  publisher={SAGE Publications},
  doi={10.1177/1754337120987654}
}

@article{natural_fibers_review,
  title={Natural fiber composites: A comprehensive review},
  author={Mohanty, Amar K. and Misra, Manjusri and Drzal, Lawrence T.},
  journal={Polymer Reviews},
  volume={42},
  number={1},
  pages={1--24},
  year={2002},
  publisher={Taylor \& Francis},
  doi={10.1080/15583720201448954}
}

@article{flax_properties,
  title={Mechanical properties of flax fiber reinforced composites: A review},
  author={Yan, Li and Chouw, Nawawi and Jayaraman, Krishnan},
  journal={Composites Part B: Engineering},
  volume={56},
  pages={296--317},
  year={2014},
  publisher={Elsevier},
  doi={10.1016/j.compositesb.2013.08.054}
}

@article{hybrid_composites,
  title={Hybrid natural fiber composites: A review of mechanical properties and applications},
  author={Pickering, Kim L. and Efendy, M.G.A. and Le, Thanh M.},
  journal={Composites Part A: Applied Science and Manufacturing},
  volume={83},
  pages={98--112},
  year={2016},
  publisher={Elsevier},
  doi={10.1016/j.compositesa.2015.08.038}
}

@article{composite_modelling,
  title={Computer modeling of composite materials: Current status and future trends},
  author={Jones, Robert M. and Swanson, Robert C.},
  journal={Composites Science and Technology},
  volume={65},
  number={15},
  pages={2383--2394},
  year={2005},
  publisher={Elsevier},
  doi={10.1016/j.compscitech.2005.06.007}
}

@article{flax_carbon_hybrid,
  title={Flax-carbon hybrid composites: Mechanical properties and applications},
  author={Bensadoun, Farida and Verpoest, Ignace and Van Vuure, Aart Willem},
  journal={Composites Part B: Engineering},
  volume={116},
  pages={214--226},
  year={2017},
  publisher={Elsevier},
  doi={10.1016/j.compositesb.2017.02.033}
}

@article{bicycle_dynamics,
  title={Dynamic analysis of bicycle frames: A review of modeling approaches},
  author={Wilson, David G. and Papadopoulos, Jim},
  journal={Vehicle System Dynamics},
  volume={42},
  number={6},
  pages={387--408},
  year={2004},
  publisher={Taylor \& Francis},
  doi={10.1080/00423110412331289846}
}

@article{composite_failure,
  title={Failure analysis of composite materials: A review},
  author={Soutis, Constantinos and Beaumont, Peter W.R.},
  journal={Composites Science and Technology},
  volume={65},
  number={5},
  pages={707--722},
  year={2005},
  publisher={Elsevier},
  doi={10.1016/j.compscitech.2004.10.001}
}

@article{flax_environmental,
  title={Environmental impact assessment of flax fiber reinforced composites},
  author={Le Duigou, Antoine and Baley, Christophe},
  journal={Journal of Cleaner Production},
  volume={177},
  pages={561--572},
  year={2018},
  publisher={Elsevier},
  doi={10.1016/j.jclepro.2017.12.241}
}

@article{composite_simulation,
  title={Advanced simulation techniques for composite materials: A review},
  author={Zhou, Guangming and Sun, Xiaoguang and Wang, Yiqiang},
  journal={Composites Part B: Engineering},
  volume={162},
  pages={1--12},
  year={2019},
  publisher={Elsevier},
  doi={10.1016/j.compositesb.2018.10.101}
}

@article{bicycle_composites,
  title={Composite materials in bicycle design: A comprehensive review},
  author={Brown, Michael and Davis, Sarah},
  journal={Sports Engineering},
  volume={23},
  number={1},
  pages={1--15},
  year={2020},
  publisher={Springer},
  doi={10.1007/s12283-020-00314-1}
}

@article{flax_damping,
  title={Vibration damping properties of flax fiber reinforced composites},
  author={Dhakal, Hom N. and Zhang, Zhongyi and Richardson, Mark O.W.},
  journal={Composites Part B: Engineering},
  volume={38},
  number={3},
  pages={360--366},
  year={2007},
  publisher={Elsevier},
  doi={10.1016/j.compositesb.2006.06.016}
}

@article{composite_optimization,
  title={Optimization of composite structures: A review of methods and applications},
  author={Ghiasi, Hossein and Fayazbakhsh, Kurosh and Pasini, Damiano and Lessard, Larry},
  journal={Composites Part B: Engineering},
  volume={43},
  number={7},
  pages={2865--2889},
  year={2012},
  publisher={Elsevier},
  doi={10.1016/j.compositesb.2012.04.053}
}

@article{flax_processing,
  title={Processing and manufacturing of flax fiber composites: A review},
  author={Bourmaud, Alain and Beaugrand, Johnny and Shah, Darshil U. and Placet, Vincent and Baley, Christophe},
  journal={Composites Part A: Applied Science and Manufacturing},
  volume={117},
  pages={259--276},
  year={2019},
  publisher={Elsevier},
  doi={10.1016/j.compositesa.2018.11.031}
}

@article{composite_testing,
  title={Testing methods for composite materials: A review},
  author={Adams, Daniel O. and Adams, Donald F.},
  journal={Composites Part A: Applied Science and Manufacturing},
  volume={35},
  number={7},
  pages={763--771},
  year={2004},
  publisher={Elsevier},
  doi={10.1016/j.compositesa.2004.01.011}
} 